@book{inui2012group,
  title={Group theory and its applications in physics},
  author={Inui, Teturo and Tanabe, Yukito and Onodera, Yositaka},
  volume={78},
  year={2012},
  publisher={Springer Science \& Business Media}
}